@book{manmonth,
    title = {The mythical man-month},
    author = {Fred Brooks}
}

@online{catbazaar,
    author = "Eric Steven Raymond",
    title = "The Cathedral and the Bazaar",
    url  = "http://www.catb.org/~esr/writings/cathedral-bazaar/cathedral-bazaar/"
}

@online{bazaarkibbutz,
    author = "Mattia Monga",
    title = "From Bazaarto Kibbutz:How Freedom Deals with Coherence in the Debian Project",
    url  = "https://homes.di.unimi.it/monga/lib/oss-icse04.pdf"
}